<?xml version="1.0" encoding="UTF-8"?><record xmlns="http://www.loc.gov/MARC21/slim" xmlns:cinclude="http://apache.org/cocoon/include/1.0" xmlns:zs="http://www.loc.gov/zing/srw/">
  <leader>00420nz  a2200145n  4500</leader>
  <controlfield tag="001">no 00082698 </controlfield>
  <controlfield tag="003">DLC</controlfield>
  <controlfield tag="005">20001011064602.0</controlfield>
  <controlfield tag="008">001010n| acannaabn          |a aaa     c</controlfield>
  <datafield tag="010" ind1=" " ind2=" ">
    <subfield code="a">no 00082698 </subfield>
  </datafield>
  <datafield tag="035" ind1=" " ind2=" ">
    <subfield code="a">(OCoLC)oca05330284</subfield>
  </datafield>
  <datafield tag="040" ind1=" " ind2=" ">
    <subfield code="a">WaU</subfield>
    <subfield code="b">eng</subfield>
    <subfield code="c">WaU</subfield>
  </datafield>
  <datafield tag="100" ind1="1" ind2=" ">
    <subfield code="a">Ganf, L. A.</subfield>
    <subfield code="q">(Lev Abovich)</subfield>
  </datafield>
  <datafield tag="400" ind1="1" ind2=" ">
    <subfield code="a">Ganf, Lev Abovich</subfield>
  </datafield>
  <datafield tag="670" ind1=" " ind2=" ">
    <subfield code="a">Truzheniki golubogo kontinenta, 1959:</subfield>
    <subfield code="b">t.p. (L.A. Ganf) colophon (Lev Abovich Ganf)</subfield>
  </datafield>
</record>